
@article{Blooddonationmobileapp,
  title={The role of mobile health in blood donation: An integrative review},
  author={Vafadar, Khajouei },
  journal={Studies in Health Technology and Informatics},
  volume={245},
  pages={1282-1286},
  year={2017},
  
}
